@inproceedings{Carns2009,
author = {Carns, Philip and Latham, Robert and Ross, Robert and Iskra, Kamil and Lang, Samuel and Riley, Katherine},
booktitle = {2009 IEEE International Conference on Cluster Computing and Workshops},
doi = {10.1109/CLUSTR.2009.5289150},
isbn = {978-1-4244-5011-4},
issn = {15525244},
pages = {1--10},
publisher = {IEEE},
title = {{24/7 Characterization of petascale I/O workloads}},
url = {http://ieeexplore.ieee.org/lpdocs/epic03/wrapper.htm?arnumber=5289150},
year = {2009}
}

@inproceedings{Snyder2016modular,
  title={Modular HPC {I/O} characterization with Darshan},
  author={Snyder, Shane and Carns, Philip and Harms, Kevin and Ross, Robert and Lockwood, Glenn K and Wright, Nicholas J},
  booktitle={Proceedings of the 5th Workshop on Extreme-Scale Programming Tools},
  pages={9--17},
  year={2016},
  organization={IEEE Press}
}
@inproceedings{Uselton2009,
author = {Uselton, Andrew},
booktitle = {Proceedings of the 2009 Cray User Group},
title = {{Deploying Server-side File System Monitoring at NERSC}},
year = {2009}
}

@inproceedings{Lockwood2017,
address = {New York, New York, USA},
author = {Lockwood, Glenn K. and Yoo, Wucherl and Byna, Suren and Wright, Nicholas J. and Snyder, Shane and Harms, Kevin and Nault, Zachary and Carns, Philip},
booktitle = {Proceedings of the 2nd Joint International Workshop on Parallel Data Storage {\&} Data Intensive Scalable Computing Systems - PDSW-DISCS '17},
doi = {10.1145/3149393.3149395},
isbn = {9781450351348},
pages = {55--60},
publisher = {ACM Press},
title = {{UMAMI: A Recipe for Generating Meaningful Metrics through Holistic I/O Performance Analysis}},
url = {http://dl.acm.org/citation.cfm?doid=3149393.3149395},
year = {2017}
}

@inproceedings{Keopp2014,
author = {Keopp, Jeff and Longley, Harold},
booktitle = {Proceedings of the 2014 Cray User Group},
file = {:Users/glock/Documents/Mendeley/Keopp, Longley/2014/Keopp, Longley - 2014.pdf:pdf},
title = {{Cray Lustre File System Monitoring}},
year = {2014}
}

@article{Flaskerud2017,
author = {Flaskerud, Craig},
file = {:Users/glock/Documents/Mendeley/Flaskerud/2017/Flaskerud - 2017.pdf:pdf},
journal = {Proceedings of the 2017 Cray User Group},
title = {{Project Caribou Streaming Telemetry for Sonexion}},
year = {2017}
}

@article{habib2012,
  author    = {Salman Habib and
               Vitali A. Morozov and
               Hal Finkel and
               Adrian Pope and
               Katrin Heitmann and
               Kalyan Kumaran and
               Tom Peterka and
               Joseph A. Insley and
               David Daniel and
               Patricia K. Fasel and
               Nicholas Frontiere and
               Zarija Lukic},
  title     = {The Universe at Extreme Scale: Multi-Petaflop Sky Simulation on the
               {BG/Q}},
  journal   = {CoRR},
  volume    = {abs/1211.4864},
  year      = {2012},
  url       = {http://arxiv.org/abs/1211.4864},
  timestamp = {Sat, 01 Dec 2012 20:32:38 +0100},
  biburl    = {http://dblp.uni-trier.de/rec/bib/journals/corr/abs-1211-4864},
  bibsource = {dblp computer science bibliography, http://dblp.org}
}

@inproceedings{Kunkel2014siox,
author = {Kunkel, Julian M. and Zimmer, Michaela and H\"{u}bbe, Nathanael
and Aguilera, Alvaro and Mickler, Holger and Wang, Xuan and Chut, Andriy and
B\"{o}nisch, Thomas and L\"{u}ttgau, Jakob and Michel, Roman and Weging,
Johann},
title = {The {SIOX} Architecture --- Coupling Automatic Monitoring and
Optimization of Parallel {I/O}},
booktitle = {Proceedings of the 29th International Conference on
Supercomputing - Volume 8488},
series = {ISC 2014},
year = {2014},
isbn = {978-3-319-07517-4},
location = {Leipzig, Germany},
pages = {245--260},
numpages = {16},
acmid = {2769901},
publisher = {Springer-Verlag New York, Inc.},
address = {New York, NY, USA},
keywords = {Machine Learning, Parallel I/O, Performance
Optimization},
}

@inproceedings{Agelastos2014ldms,
author = {Agelastos, Anthony and Allan, Benjamin and Brandt, Jim and Cassella, Paul and Enos, Jeremy and Fullop, Joshi and Gentile, Ann and Monk, Steve and Naksinehaboon, Nichamon and Ogden, Jeff and Rajan, Mahesh and Showerman, Michael and Stevenson, Joel and Taerat, Narate and Tucker, Tom},
booktitle = {SC14: International Conference for High Performance Computing, Networking, Storage and Analysis},
doi = {10.1109/SC.2014.18},
isbn = {978-1-4799-5500-8},
month = {nov},
pages = {154--165},
publisher = {IEEE},
title = {{The Lightweight Distributed Metric Service: A Scalable Infrastructure for Continuous Monitoring of Large Scale Computing Systems and Applications}},
url = {http://ieeexplore.ieee.org/document/7013000/},
year = {2014}
}

@article{Vazhkudai2017guide,
author = {Vazhkudai, Sudharshan S. and Miller, Ross and Tiwari, Devesh and Zimmer, Christopher and Wang, Feiyi and Oral, Sarp and Gunasekaran, Raghul and Steinert, Deryl},
doi = {10.1145/3126908.3126946},
isbn = {9781450351140},
journal = {Proceedings of the International Conference for High Performance Computing, Networking, Storage and Analysis on - SC '17},
keywords = {-  General and reference  -{\textgreater}  Performance,-  Information systems  -{\textgreater}  Data warehouses,Data analytics,Data mining,Extraction,Measurement,Metrics,Reliability,doe,io,monitoring,olcf,transformation and loading},
pages = {1--12},
title = {{GUIDE: A Scalable Information Directory Service to Collect, Federate, and Analyze Logs for Operational Insights into a Leadership HPC Facility}},
url = {http://dl.acm.org/citation.cfm?doid=3126908.3126946},
year = {2017}
}

@techreport{Sigelman2010dapper,
title = {Dapper, a Large-Scale Distributed Systems Tracing Infrastructure},
author  = {Benjamin H. Sigelman and Luiz Andr√© Barroso and Mike Burrows and Pat Stephenson and Manoj Plakal and Donald Beaver and Saul Jaspan and Chandan Shanbhag},
year  = {2010},
URL = {https://research.google.com/archive/papers/dapper-2010-1.pdf},
institution = {Google, Inc.}
}

@inproceedings{Lockwood2018tokio,
  title = {{TOKIO on ClusterStor: Connecting Standard Tools to Enable Holistic I/O Performance Analysis}},
author = {Lockwood, Glenn K. and Wright, Nicholas J. and Snyder, Shane and Carns, Philip},
  booktitle = {Proceedings of the 2018 Cray User Group (CUG'18)},
  year = {2018}
}

@inproceedings{Yildiz2016,
author = {Yildiz, Orcun and Dorier, Matthieu and Ibrahim, Shadi and Ross, Rob and Antoniu, Gabriel},
booktitle = {2016 IEEE International Parallel and Distributed Processing Symposium (IPDPS)},
doi = {10.1109/IPDPS.2016.50},
isbn = {978-1-5090-2140-6},
month = {may},
pages = {750--759},
publisher = {IEEE},
title = {{On the Root Causes of Cross-Application I/O Interference in HPC Storage Systems}},
url = {http://ieeexplore.ieee.org/document/7516071/},
year = {2016}
}

@inproceedings{Lofstead2010,
  author = {Lofstead, Jay and Zheng, Fang and Liu, Qing and Klasky, Scott and Oldfield, Ron and Kordenbrock, Todd and Schwan, Karsten and Wolf, Matthew},
  booktitle = {Proceedings of the International Conference for High Performance Computing, Networking, Storage and Analysis (SC'10)},
  doi = {10.1109/SC.2010.32},
  isbn = {978-1-4244-7557-5},
  month = {nov},
  number = {November},
  pages = {1--12},
  publisher = {IEEE},
  title = {{Managing Variability in the IO Performance of Petascale Storage Systems}},
  url = {http://ieeexplore.ieee.org/document/5644883/},
  year = {2010}
}

@inproceedings{dorier2014calciom,
title={CALCioM: Mitigating I/O interference in HPC systems through
cross-application coordination},
author={Dorier, Matthieu and Antoniu, Gabriel and Ross, Rob and Kimpe,
Dries and Ibrahim, Shadi},
booktitle={Parallel and Distributed Processing Symposium, 2014 IEEE
28th
International},
pages={155--164},
year={2014},
organization={IEEE}
}

@article{carns2011understanding,
  title={Understanding and improving computational science storage access through continuous characterization},
  author={Carns, Philip and Harms, Kevin and Allcock, William and Bacon, Charles and Lang, Samuel and Latham, Robert and Ross, Robert},
  journal={ACM Transactions on Storage (TOS)},
  volume={7},
  number={3},
  pages={8},
  year={2011},
  publisher={ACM}
}

@INPROCEEDINGS{7973730,
author={S. Di and R. Gupta and M. Snir and E. Pershey and F. Cappello},
booktitle={2017 17th IEEE/ACM International Symposium on Cluster, Cloud and
Grid Computing (CCGRID)},
title={LOGAIDER: A Tool for Mining Potential Correlations of HPC Log
Events},
year={2017},
volume={},
number={},
pages={442-451},
keywords={data mining;graph theory;parallel machines;pattern
clustering;statistical analysis;system monitoring;HPC log
events;LogAider;Mira system;RAS;across-field correlation;easy-to-use
visualizer;k-meaning clustering;large-scale supercomputers;mining potential
correlations;probabilistic
analysis;reliability-availability-serviceability;statistical
correlation;system machine graph;Algorithm design and analysis;Clustering
algorithms;Correlation;Data mining;Engines;Supercomputers;Tools},
doi={10.1109/CCGRID.2017.18},
ISSN={},
month={May},}

@article{Park2017BigDM,
title={Big Data Meets HPC Log Analytics: Scalable Approach to
Understanding Systems at Extreme Scale},
author={Byung H. Park and Saurabh Hukerikar and Ryan Adamson and
Christian Engelmann},
journal={2017 IEEE International Conference on Cluster Computing
(CLUSTER)},
year={2017},
pages={758-765}
}

@misc{lmt,
  author = {Garlick, Jim and Morrone, Christopher},
  title = {Lustre Monitoring Tools},
  url = {https://github.com/LLNL/lmt},
  version = {3},
  date = {2010-11-02},
  year = {2010}
}

@inproceedings{2003slurm,
  title={Slurm: Simple linux utility for resource management},
  author={Yoo, Andy B and Jette, Morris A and Grondona, Mark},
  booktitle={Workshop on Job Scheduling Strategies for Parallel Processing},
  pages={44--60},
  year={2003},
  organization={Springer}
}

@article{james1968monthly,
  title={Monthly moving averages--an effective investment tool?},
  author={James, FE},
  journal={Journal of financial and quantitative analysis},
  volume={3},
  number={3},
  pages={315--326},
  year={1968},
  publisher={Cambridge University Press}
}

@article{gunasekarage2001profitability,
  title={The profitability of moving average trading rules in South Asian stock markets},
  author={Gunasekarage, Abeyratna and Power, David M},
  journal={Emerging Markets Review},
  volume={2},
  number={1},
  pages={17--33},
  year={2001},
  publisher={Elsevier}
}

@article{brock1992simple,
  title={Simple technical trading rules and the stochastic properties of stock returns},
  author={Brock, William and Lakonishok, Josef and LeBaron, Blake},
  journal={The Journal of finance},
  volume={47},
  number={5},
  pages={1731--1764},
  year={1992},
  publisher={Wiley Online Library}
}

@inproceedings{Xie2012,
author = {Xie, Bing and Chase, Jeffrey and Dillow, David and Drokin, Oleg and Klasky, Scott and Oral, Sarp and Podhorszki, Norbert},
booktitle = {2012 International Conference for High Performance Computing, Networking, Storage and Analysis},
doi = {10.1109/SC.2012.28},
isbn = {978-1-4673-0805-2},
issn = {21674329},
keywords = {io,variability},
month = {nov},
pages = {1--11},
publisher = {IEEE},
title = {{Characterizing output bottlenecks in a supercomputer}},
url = {http://ieeexplore.ieee.org/document/6468446/},
year = {2012}
}

@inproceedings{Madireddy2017,
author = {Madireddy, Sandeep and Balaprakash, Prasanna and Carns, Philip and Latham, Robert and Ross, Robert and Snyder, Shane and Wild, Stefan M},
booktitle = {2017 International Conference on Networking, Architecture, and Storage (NAS)},
doi = {10.1109/NAS.2017.8026844},
isbn = {978-1-5386-3486-8},
month = {aug},
pages = {1--10},
publisher = {IEEE},
title = {{Analysis and Correlation of Application I/O Performance and System-Wide I/O Activity}},
url = {http://ieeexplore.ieee.org/document/8026844/},
year = {2017}
}

@inproceedings{oral2014best,
  title={Best practices and lessons learned from deploying and operating large-scale data-centric parallel file systems},
  author={Oral, Sarp and Simmons, James and Hill, Jason and Leverman, Dustin and Wang, Feiyi and Ezell, Matt and Miller, Ross and Fuller, Douglas and Gunasekaran, Raghul and Kim, Youngjae and others},
  booktitle={Proceedings of the International Conference for High Performance Computing, Networking, Storage and Analysis},
  pages={217--228},
  year={2014},
  organization={IEEE Press}
}

@article{RIOT_2013,
author={S. A. Wright and S. D. Hammond and S. J. Pennycook and R. F. Bird and J. A. Herdman and I. Miller and A. Vadgama and A. Bhalerao and S. A. Jarvis},
journal={The Computer Journal},
title={Parallel File System Analysis Through Application I/O Tracing},
year={2013},
volume={56},
number={2},
pages={141-155},
doi={10.1093/comjnl/bxs044},
ISSN={0010-4620},
month={Feb},
}

@article{Inacio_2017,
author = "Eduardo C. Inacio and Pedro A. Barbetta and Mario A.R. Dantas",
title = {{A Statistical Analysis of the Performance Variability of Read/Write Operations on Parallel File Systems}},
journal = "Procedia Computer Science",
volume = "108",
pages = "2393 - 2397",
year = "2017",
note = "International Conference on Computational Science, ICCS 2017, 12-14 June 2017, Zurich, Switzerland",
issn = "1877-0509",
doi = "https://doi.org/10.1016/j.procs.2017.05.026",
}

@inproceedings{Luu:2015:HPDC,
 author = {Luu, Huong and Winslett, Marianne and Gropp, William and Ross, Robert and Carns, Philip and Harms, Kevin and Prabhat, Mr and Byna, Suren and Yao, Yushu},
 title = {{A Multiplatform Study of I/O Behavior on Petascale Supercomputers}},
 booktitle = {{Proceedings of the 24th International Symposium on High-Performance Parallel and Distributed Computing}},
 series = {{HPDC '15}},
 year = {2015},
 isbn = {978-1-4503-3550-8},
 location = {Portland, Oregon, USA},
 pages = {33--44},
 numpages = {12},
 url = {http://doi.acm.org/10.1145/2749246.2749269},
 doi = {10.1145/2749246.2749269},
} 

@INPROCEEDINGS{HACC,
author={S. Habib and V. Morozov and H. Finkel and A. Pope and K. Heitmann and K. Kumaran and T. Peterka and J. Insley and D. Daniel and P. Fasel and N. Frontiere and Z. Lukic},
booktitle={High Performance Computing, Networking, Storage and Analysis (SC), 2012 International Conference for},
title={{The Universe at extreme scale: Multi-petaflop sky simulation on the BG/Q}},
year={2012},
volume={},
number={},
pages={1-11},
doi={10.1109/SC.2012.106},
ISSN={2167-4329},
month={Nov},
}

@inproceedings{Patwary:2015:BDCATS,
 author = {Patwary, Md. Mostofa Ali and Byna, Suren and Satish, Nadathur Rajagopalan and Sundaram, Narayanan and Luki\'{c}, Zarija and Roytershteyn, Vadim and Anderson, Michael J. and Yao, Yushu and Prabhat and Dubey, Pradeep},
 title = {{BD-CATS: Big Data Clustering at Trillion Particle Scale}},
 booktitle = {Proceedings of the International Conference for High Performance Computing, Networking, Storage and Analysis},
 series = {SC '15},
 year = {2015},
 isbn = {978-1-4503-3723-6},
 location = {Austin, Texas},
 pages = {6:1--6:12},
 articleno = {6},
 numpages = {12},
 url = {http://doi.acm.org/10.1145/2807591.2807616},
 doi = {10.1145/2807591.2807616},
 } 
 
 @misc{ior,
  title = {{IOR - Parallel file system I/O benchmark}},
  url = {https://github.com/hpc/ior},
}

@misc{PIOK,
  author = {Suren Byna and Mark Howison and Alex Sim},
  title = {{Parallel I/O Kernel (PIOK) Suite}},
  url = {https://sdm.lbl.gov/exahdf5/software.html},
  version = {1},
  year = {2015}
}

@ARTICLE{Falk97manyfaces,
    author = {Ruma Falk and Arnold D. Well},
    title = {Many Faces of the Correlation Coefficient},
    journal = {Journal of Statistics Education},
    year = {1997},
    volume = {5}
}

@inproceedings{Bui2014,
author = {Bui, Huy and Finkel, Hal and Vishwanath, Venkatram and Habib, Salma and Heitmann, Katrin and Leigh, Jason and Papka, Michael and Harms, Kevin},
booktitle = {2014 22nd Euromicro International Conference on Parallel, Distributed, and Network-Based Processing},
doi = {10.1109/PDP.2014.60},
isbn = {978-1-4799-2729-6},
issn = {1066-6192},
keywords = {compression,subfiling,topology-aware data movement},
month = {feb},
pages = {107--111},
publisher = {IEEE},
title = {{Scalable Parallel I/O on a Blue Gene/Q Supercomputer Using Compression, Topology-Aware Data Aggregation, and Subfiling}},
url = {http://ieeexplore.ieee.org/document/6787260/},
year = {2014}
}

@inproceedings {Haryadi2018fail,
author = {Haryadi S. Gunawi and Riza O. Suminto and Russell Sears and Casey Golliher and Swaminathan Sundararaman and Xing Lin and Tim Emami and Weiguang Sheng and Nematollah Bidokhti and Caitie McCaffrey and Gary Grider and Parks M. Fields and Kevin Harms and Robert B. Ross and Andree Jacobson and Robert Ricci and Kirk Webb and Peter Alvaro and H. Birali Runesha and Mingzhe Hao and Huaicheng Li},
title = {Fail-Slow at Scale: Evidence of Hardware Performance Faults in Large Production Systems},
booktitle = {16th {USENIX} Conference on File and Storage Technologies ({FAST} 18)},
year = {2018},
isbn = {978-1-931971-42-3},
address = {Oakland, CA},
pages = {1--14},
url = {https://www.usenix.org/conference/fast18/presentation/gunawi},
publisher = {{USENIX} Association},
}

@techreport{snyder2016performance,
  title={Performance evaluation of {Darshan} 3.0.0 on the {Cray XC30}},
  author={Snyder, Shane and Carns, Philip and Harms, Kevin and Latham, Robert and Ross, Robert},
  year={2016},
  institution={Argonne National Laboratory (ANL), Argonne, IL (United States)}
}
